<?xml version="1.0" encoding="UTF-8"?><record xmlns="http://www.loc.gov/MARC21/slim" xmlns:cinclude="http://apache.org/cocoon/include/1.0" xmlns:zs="http://www.loc.gov/zing/srw/">
  <leader>01000cz  a2200253n  4500</leader>
  <controlfield tag="001">n  95931402 </controlfield>
  <controlfield tag="003">DLC</controlfield>
  <controlfield tag="005">20000914161545.0</controlfield>
  <controlfield tag="008">960201n| acaaaaaan          fa ana      </controlfield>
  <datafield tag="010" ind1=" " ind2=" ">
    <subfield code="a">n  95931402 </subfield>
  </datafield>
  <datafield tag="035" ind1=" " ind2=" ">
    <subfield code="a">(OCoLC)oca04061189</subfield>
  </datafield>
  <datafield tag="040" ind1=" " ind2=" ">
    <subfield code="a">DLC</subfield>
    <subfield code="c">DLC</subfield>
    <subfield code="d">OCoLC</subfield>
    <subfield code="d">DLC</subfield>
  </datafield>
  <datafield tag="130" ind1=" " ind2="0">
    <subfield code="a">Seri dasar-dasar hukum ekonomi</subfield>
  </datafield>
  <datafield tag="410" ind1="2" ind2=" ">
    <subfield code="a">Proyek Pengembangan Hukum Ekonomi dan Penyempurnaan Sistem Pengadaan (Indonesia).</subfield>
    <subfield code="t">Seri dasar-dasar hukum ekonomi</subfield>
  </datafield>
  <datafield tag="410" ind1="2" ind2=" ">
    <subfield code="a">Universitas Indonesia.</subfield>
    <subfield code="b">Fakultas Hukum.</subfield>
    <subfield code="t">Seri dasar-dasar hukum ekonomi</subfield>
  </datafield>
  <datafield tag="430" ind1=" " ind2="0">
    <subfield code="a">Dasar-dasar hukum ekonomi</subfield>
  </datafield>
  <datafield tag="430" ind1=" " ind2="0">
    <subfield code="a">Seri dasar hukum ekonomi</subfield>
  </datafield>
  <datafield tag="642" ind1=" " ind2=" ">
    <subfield code="a">2</subfield>
    <subfield code="5">DLC</subfield>
  </datafield>
  <datafield tag="643" ind1=" " ind2=" ">
    <subfield code="a">Jakarta</subfield>
    <subfield code="b">Ghalia Indonesia</subfield>
  </datafield>
  <datafield tag="644" ind1=" " ind2=" ">
    <subfield code="a">f</subfield>
    <subfield code="5">DLC</subfield>
  </datafield>
  <datafield tag="645" ind1=" " ind2=" ">
    <subfield code="a">t</subfield>
    <subfield code="5">DLC</subfield>
  </datafield>
  <datafield tag="646" ind1=" " ind2=" ">
    <subfield code="a">s</subfield>
    <subfield code="5">DLC</subfield>
  </datafield>
  <datafield tag="670" ind1=" " ind2=" ">
    <subfield code="a">Arbitrase di Indonesia, 1995:</subfield>
    <subfield code="b">t.p. (Seri dasar-dasar hukum ekonomi) t.p. verso (a program between ELIPS and Fak. Hukum, Universitas Indonesia)</subfield>
  </datafield>
  <datafield tag="670" ind1=" " ind2=" ">
    <subfield code="a">Topik-topik mata kuliah hukum ekonomi dan kurikulum, 1998:</subfield>
    <subfield code="b">t.p. (Seri dasar hukum ekonomi)</subfield>
  </datafield>
</record>